<record><leader>00000cas a22000007a 4500</leader><controlfield tag="001">12928967</controlfield><controlfield tag="008">851218d18961901iauwr ne      0    0eng d</controlfield><datafield ind1=" " ind2=" " tag="010"><subfield code="a">sn 85049878 </subfield></datafield><datafield ind1=" " ind2=" " tag="040"><subfield code="a">INP</subfield><subfield code="b">eng</subfield><subfield code="c">INP</subfield><subfield code="d">OCLCQ</subfield></datafield><datafield ind1=" " ind2=" " tag="042"><subfield code="a">msc</subfield></datafield><datafield ind1="0" ind2="4" tag="245"><subfield code="a">The Akron tribune.</subfield></datafield><datafield ind1=" " ind2=" " tag="260"><subfield code="a">Akron, Iowa :</subfield><subfield code="b">[J.A. Smith &amp; Sons]</subfield></datafield><datafield ind1=" " ind2=" " tag="300"><subfield code="a">v. :</subfield><subfield code="b">ill.</subfield></datafield><datafield ind1=" " ind2=" " tag="310"><subfield code="a">Weekly</subfield></datafield><datafield ind1="1" ind2=" " tag="362"><subfield code="a">Began in Aug. 1896; ceased in Aug. 1901?</subfield><subfield code="z">Cf. Bibl. of Iowa newspapers.</subfield></datafield><datafield ind1=" " ind2=" " tag="500"><subfield code="a">Publishers: J.A. Smith &amp; Sons, &lt;Aug. 27, 1896&gt;-Oct. 7, 1897; Smith Bros., Oct. 14, 1897-&lt;July 4, 1901&gt;.</subfield></datafield><datafield ind1=" " ind2=" " tag="525"><subfield code="a">Includes occasional supplements.</subfield></datafield><datafield ind1=" " ind2=" " tag="588"><subfield code="a">Description based on: Vol. 1, no. 2 (Aug. 27, 1896).</subfield></datafield><datafield ind1=" " ind2=" " tag="752"><subfield code="a">United States</subfield><subfield code="b">Iowa</subfield><subfield code="c">Plymouth</subfield><subfield code="d">Akron.</subfield></datafield><datafield ind1="0" ind2="7" tag="785"><subfield code="t">Register (Akron, Iowa)</subfield></datafield><datafield ind1="0" ind2="7" tag="785"><subfield code="t">Akron register-tribune</subfield><subfield code="w">(DLC)sn 85049879</subfield></datafield></record>